<?xml version="1.0" encoding="UTF-8"?><collection xmlns="http://www.loc.gov/MARC21/slim"><record><leader>00536nam--2200181-i-4500</leader><controlfield tag="001">000037688</controlfield><controlfield tag="002">20161230</controlfield><controlfield tag="005">20161230201041</controlfield><controlfield tag="008">060222s1000------------r-----000-0-eng-d</controlfield><datafield ind1=" " ind2=" " tag="040"><subfield code="a">IFIN-HH</subfield></datafield><datafield ind1=" " ind2=" " tag="080"><subfield code="a">538.911:548.1</subfield></datafield><datafield ind1="1" ind2=" " tag="100"><subfield code="a">Koster, George F</subfield></datafield><datafield ind1="1" ind2="0" tag="245"><subfield code="a">Properties of the thirty-two point groups</subfield><subfield code="c">George f. koster, john o. dimmock, robert g. wheeler, hermann statz</subfield></datafield><datafield ind1=" " ind2=" " tag="260"><subfield code="a">Cambridge/Mass</subfield><subfield code="b">The Mit Press</subfield><subfield code="c">1963</subfield></datafield><datafield ind1=" " ind2=" " tag="300"><subfield code="a">194 P</subfield></datafield><datafield ind1="1" ind2=" " tag="700"><subfield code="a">Statz, Hermann</subfield></datafield><datafield ind1=" " ind2=" " tag="852"><subfield code="a">27590</subfield><subfield code="c">53.081</subfield></datafield><datafield ind1=" " ind2=" " tag="CAT"><subfield code="a">Sys</subfield><subfield code="c">20160329</subfield><subfield code="h">141212</subfield></datafield></record></collection>